@book{robinson2013graph,
  title={Graph databases},
  author={Robinson, Ian and Webber, Jim and Eifrem, Emil},
  year={2013},
  publisher={" O'Reilly Media, Inc."}
}

@article{yolov3,
  title={YOLOv3: An Incremental Improvement},
  author={Redmon, Joseph and Farhadi, Ali},
  journal = {arXiv},
  year={2018}
}